@report{pisainfocus2016,
  type = "Annual report of the Programme for International Student Assessment",
  author= "OECD",
  title= "Low-Performing Students: Why They Fall Behind and How to Help Them Succeed",
  year = "2016",
  publisher = "OECD",
  address = "Paris, France",
}